@report{3gpp.22.101,
  author = "3GPP",
  title = "{Service aspects; Service principles}",
  type = "TS",
  institution = "{3rd Generation Partnership Project (3GPP)}",
  number = "{22.101}",
  days = 24,
  month=sep.,
  year = 2008,
  url = "http://www.3gpp.org/ftp/Specs/html-info/22101.htm",
}
